@misc{Physics,
author = {},
title = {Physics - E\&M: Magn Field Effects on Moving Charge \& Currents (22 of 26) The Hall Effect - YouTube},
howpublished = {\url{https://www.youtube.com/watch?v=fZoFnKo-bwk}},
month = {},
year = {},
note = {(Visited on 12/04/2015)}
}

@misc{Intrinsic,
author = {},
title = {Intrinsic And Extrinsic Semi Conductors1 - YouTube},
howpublished = {\url{https://www.youtube.com/watch?v=o-PPbmMm0eA}},
month = {},
year = {},
note = {(Visited on 12/04/2015)}
}

@misc{Semiconductors,
author = {},
title = {Semiconductors - YouTube},
howpublished = {\url{https://www.youtube.com/watch?v=0sGXz6dD7C4}},
month = {},
year = {},
note = {(Visited on 12/04/2015)}
}

@misc{Extrinsic,
author = {},
title = {Extrinsic Semiconductor \& Fermi Level - Theory \& effect of Temprature on conductivity - YouTube},
howpublished = {\url{https://www.youtube.com/watch?v=paDm3w_c4JM}},
month = {},
year = {},
note = {(Visited on 12/04/2015)}
}

@misc{www2physicsoxacuk/sites/default/files/BandMT_11pdf,
author = {},
title = {www2.physics.ox.ac.uk/sites/default/files/BandMT\_11.pdf},
howpublished = {\url{http://www2.physics.ox.ac.uk/sites/default/files/BandMT_11.pdf}},
month = {},
year = {},
note = {(Visited on 12/04/2015)}
}
